@misc{EN50128,
 	author={CENELEC},
 	title={{EN50128} Railway applications - Communication, signalling and processing systems - Software for railway control and protection systems},
 	year={2011},
 	month={June}
}

@misc{EN50126,
 	author={CENELEC},
 	title={{EN50126} Railway applications - The specification and demonstration of Reliability, Availability, Maintainability and Safety (RAMS)},
 	year={2000},
 	month={March}
}

@misc{EN50129,
 	author={CENELEC},
 	title={{EN50129} Railway applications - Communication, signalling and processing systems - Safety related electronic systems for signalling},
 	year={2003},
 	month={December}
}

@misc{EN61508,
 	author={CENELEC},
 	title={{EN61508} Functional safety of electrical/electronic/programmable electronic safety-related systems},
 	year={2010},
 	month={December}
}

@misc{200857EC,
 	author={European Commission},
 	title={{2008/57/EC} - Interoperability Directive},
 	year={2008},
 	month={June}
}

@misc{201118EU,
 	author={European Commission},
 	title={{2011/18/EU} - Interoperability Directive},
 	year={2011},
 	month={March},
 	note={change of annexes}
}

@misc{201288EU,
 	author={European Commission},
 	title={{20012/88/EU} - {TSI CCS} Commission Decision of 25 January 2012 on the technical specification for interoperability relating to the control-command and signalling subsystems of the trans-European rail system},
 	year={2011},
 	month={March}
}

@book{pichler2010,
	author={Roman Pichler},
	title={Agile Productmanagement with Scrum},
	isbn={978-0321605788},
	publisher={Addison-Wesley},
	year={2010}
}

@book{schwaber2008,
	author={Ken Schwaber and Mike Beedle},
	title={Agile Software Development with Scrum},
	publisher={Prentice Hall},
	isbn={978-0130676344},
	year={2002}
}

@book{monin2008,
	author={Jean-Francois Monin},
	title={Understanding Formal Methods},
	publisher={Springer},
	isbn={978-1852332471},
	year={2008}
}

@misc{fpp,
	author={{openETCS} Project Team},
	title={{openETCS} Full Project Proposal},
	year={2013}
}

@misc{subset026,
 	author={ERTMS},
 	title={{UNISIG} Subset 026, System requirements Specification - Baseline 3},
 	year={2010},
 	month={January}
}
	
@misc{subset036,
 	author={ERTMS},
 	title={{UNISIG} Subset 036, FFFIS for Eurobalise},
 	year={2010},
 	month={January}
}

@misc{IEEE828,
 	author={},
 	title={{IEEE 828} Standard for Software Configuration Management Plan},
 	year={2005},
 	month={August},
 	day={12}
}
@Manual{scade-model,
  title =        {openETCS SCADE model},
  key =       {openETCS SCADE model},
  OPTauthor =    {},
  organization = {openETCS},
  OPTaddress =   {},
  OPTedition =   {},
  OPTmonth =     {},
  year =      {2014},
  note =      {\url{https://github.com/openETCS/modeling/tree/master/model/Scade/System}},
  OPTannote =    {}
}
@Manual{ADD,
  title =        {openETCS Architecture and Design Specification},
  key =       {openETCS ADD},
  OPTauthor =    {},
  organization = {openETCS},
  OPTaddress =   {},
  OPTedition =   {},
  OPTmonth =     {},
  year =      {2014},
  note =      {\url{https://github.com/openETCS/modeling/tree/master/openETCS%20ArchitectureAndDesign/D3.5.3}},
  OPTannote =    {}
}
@misc{subset076,
 	author={ERTMS},
 	title={{UNISIG} Subset 076}

}

@misc{subset023,
 	author={ERTMS},
 	title={{UNISIG} Subset 023, Glossary of Terms and Abbreviations},
}

@misc{emp,
 	author={Izaskun de la Torre},
 	title={Change/Problem Management Process}

}

@misc{ISO9001,
	author={International Organization for Standardization}

}

@misc{QAP,
 	author={Izaskun de la Torre},
 	title={Quality Assurance Plan}
 	
 }

@misc{CMP,
 	author={Izaskun de la Torre},
 	title={Change/Problem Management Process}

}

@misc{RDP,
 	author={n/a},
 	title={Software Release and Deployment Plan}

}

@misc{RP,
 	author={Ainhoa Gracia},
 	title={Review Process}

}

@misc{revision,
 	author={Ainhoa Gracia},
 	title={Revision Process}

}

@misc{ghp,
 	author={Bernd Hekele},
 	title={Grieving Handling Process}

}

@misc{PCA,
 	author={Bernd Hekele},
 	title={Project Co-operation Agreement}

}

@misc{Contribution,
 	author={Bernd Hekele},
 	title={Contribution Guidelines}

}

@misc{IPP,
 	author={Bernd Hekele},
 	title={OpenETCS IP Policy}

}

@misc{committer,
 	author={Jonas Helming},
 	title={Commiter Election Guideline}

}

@misc{cap,
 	author={Jonas Helming},
 	title={Committer Approvement Process}

}

@misc{IA,
 	author={Bernd Hekele},
 	title={openETCS Internal Assessment }

}

@misc{odp,
 	author={Jonas Helming},
 	title={openETCS Development Process}

}

@misc{EDP,
 	author={Eclipse Community },
 	title={Eclipse Development Process}

}

@misc{vv,
 	author={Marc Behrens, Hardi Hungar},
 	title={OpenETCS Validation \& Verification Plan}

}

@misc{qabacklog,
 	author={Izaskun de la Torre},
 	title={QA Plan Backlog}

}

@misc{PublishingGuideline,
       author={Stefan Rieger},
       title={{openETCS} Publishing Guideline}
}




